@article {Nemethi,
    AUTHOR = {N{\'e}methi, Andr{\'a}s},
     TITLE = {On the {O}zsv\'{a}th-{S}zab\'{o} invariant of negative definite
              plumbed 3-manifolds},
   JOURNAL = {Geom. Topol.},
  FJOURNAL = {Geometry and Topology},
    VOLUME = {9},
      YEAR = {2005},
     PAGES = {991--1042},
      ISSN = {1465-3060},
   MRCLASS = {57M27 (14E15 32S45 57R58)},
  MRNUMBER = {2140997},
MRREVIEWER = {Stanislav Jabuka},
       DOI = {10.2140/gt.2005.9.991},
       URL = {https://doi.org/10.2140/gt.2005.9.991},
}
@unpublished{Ballinger_3,
       Author = {Ballinger, William and Ni, Yi and Ochse, Tynan and Vafaee, Faramarz},
   Date-Added = {16 Aug 2018},
Date-Modified = {16 Aug 2018},
         Note = {(preprint: arXiv:1808.05321 [math.GT])},
        Title = {The prism manifold realization problem III}
}
@article {Nemethi-Nicolaescu,
    AUTHOR = {N\'{e}methi, Andr\'{a}s and Nicolaescu, Liviu I.},
     TITLE = {Seiberg-{W}itten invariants and surface singularities},
   JOURNAL = {Geom. Topol.},
  FJOURNAL = {Geometry and Topology},
    VOLUME = {6},
      YEAR = {2002},
     PAGES = {269--328},
      ISSN = {1465-3060},
   MRCLASS = {14J17 (14B05 14J80 32S25 57M27 57R57)},
  MRNUMBER = {1914570},
MRREVIEWER = {Olivier Collin},
       DOI = {10.2140/gt.2002.6.269},
       URL = {https://doi.org/10.2140/gt.2002.6.269},
}
@unpublished{Karakurt,
       Author = {Karakurt, \c{C}a\u{g}ri},
   Date-Added = {},
Date-Modified = {},
         Note = {http://web0.boun.edu.tr/cagri.karakurt/Research.html},
        Title = {{MAGMA} Code}}
@book {Rustamov,
    AUTHOR = {Rustamov, Raif},
     TITLE = {On {H}eegaard {F}loer homology of three-manifolds},
      NOTE = {Thesis (Ph.D.)--Princeton University},
 PUBLISHER = {ProQuest LLC, Ann Arbor, MI},
      YEAR = {2005},
     PAGES = {79},
      ISBN = {978-0542-05994-0},
   MRCLASS = {Thesis},
  MRNUMBER = {2707123},
       URL =
              {http://gateway.proquest.com/openurl?url_ver=Z39.88-2004&rft_val_fmt=info:ofi/fmt:kev:mtx:dissertation&res_dat=xri:pqdiss&rft_dat=xri:pqdiss:3169814},
}
